@book{Manning2009,
    author      = {Manning, Christopher D. and Raghavan, Prabhakar and Sch\"{u}tze, Hinrich},
    title       = {Introduction to Information Retrieval},
    year        = {2009},
    isbn        = {0521865719, 9780521865715},
    publisher   = {Cambridge University Press},
    address     = {New York, NY, USA}
}

@book{Murphy2012,
  author    = {Kevin P. Murphy},
  title     = {Machine Learning: A Probabilistic Perspective},
  year      = {2012},
  publisher = {Massachusetts Institute of Technology}
}

@book{Rijsbergen1979,
  author    = {C. J. van Rijsbergen},
  title     = {Information Retrieval},
  year      = {1979},
  publisher = {Butterworth-Heinemann Newton},
  address   = {MA, USA},
  edition   = {2},
  isbn      = {0408709294}
}
