@article{sagar2017,
author = {Sagar, Pinki},
journal = {International Journal of Computer Applications},
number = {7},
pages = {975--8887},
title = {{Analysis of Prediction Techniques based on Classification and Regression General Terms}},
volume = {163},
year = {2017}
}

@book{james2006,
title={An Introduction to Statistical Learning: with Applications in R},
author={James, G. and Witten, D. and Hastie, T. and Tibshirani, R.},
isbn={9781461471387},
series={Springer Texts in Statistics},
year={2013},
publisher={Springer New York}
}


@book{jiawei2011,
author = {{Jiawei Han, Micheline Kamber}, Jain Pei},
isbn={9780123814807},
pages = {1--744},
title = {{Data Mining â€“ Concepts {\&} Techniques}},
year = {2011},
publisher={Elsevier Science}
}

@article{venkata2011,
author = {Venkata Ramana, Bendi and Prasad Babu, MSurendra and Venkateswarlu, N B and Professor, Associate},
journal = {International Journal of Database Management Systems ( IJDMS )},
title = {{A Critical Study of Selected Classification Algorithms for Liver Disease Diagnosis}},
volume = {3},
year = {2011}
}

@article{alzahani2015,
author = {M. Alzahani, Salha and Althopity, Afnan and Alghamdi, Ashwag and Alshehri, Boushra and Aljuaid, Suheer},
year = {2015},
title = {An Overview of Data Mining Techniques Applied for Heart Disease Diagnosis and Prediction},
volume = {2},
journal = {Lecture Notes on Information Theory}
}

@article{moradi2012,
author = {Moradi, Mohsen and Sardasht, Shafiee and Ebrahimpour, Maliheh},
journal = {World Applied Sciences Journal},
number = {6},
pages = {710-717},
title = {{An Application of Support Vector Machines in Bankruptcy Prediction; Evidence from Iran}},
volume = {17},
year = {2012}
}

@article{thomas2000,
author = {Thomas, Lyn},
year = {2000},
pages = {149-172},
title = {A Survey of Credit and Behavioural Scoring: Forecasting Financial Risk of Lending to Consumers},
volume = {16},
journal = {International Journal of Forecasting}
}

@article{neelamegam2013,
author = {S. Neelamegam and E. Ramaraj}, 
journal = {International Journal of P2P Network Trends and Technology},
title = {{Classification algorithm in Data mining: An Overview}},
volume = {3},
year = {2013},
pages = {369}
}

@book{kolo2011,
title={Binary and Multiclass Classification},
author={Kolo, B.},
isbn={9781615800162},
year={2011},
publisher={Weatherford Press}
}

@book{aggarwal2014,
title={Data Classification: Algorithms and Applications},
author={Aggarwal, C.C.},
isbn={9781466586758},
series={Chapman \& Hall/CRC Data Mining and Knowledge Discovery Series},
year={2014},
publisher={CRC Press}
}

@article{aly2005,
author = {Aly, M},
year = {2005},
month = {01},
title = {{Survey on multiclass classification methods}},
journal = {Survey on Multiclass Classification Methods}
}

@book{rokach2014,
author = {Rokach, Lior and Maimon, Oded},
booktitle = {Data Mining and Knowledge Discovery},
isbn = {9789814590099},
pages = {242},
title = {{Data mining with decision trees: theory and applications}},
year = {2014},
publisher={World Scientific Publishing Company}
}

@article{allwein2001,
author = {L. Allwein, Erin and E. Schapire, Robert and Singer, Yoram},
year = {2001},
title = {Reducing Multiclass to Binary: A Unifying Approach for Margin Classifiers},
volume = {1},
journal = {Journal of Machine Learning Research}
}

@article{kumar2002,
author = {Kumar, Shailesh and Ghosh, Joydeep and Crawford, Melba M},
journal = {Pattern Analysis {\&} Applications},
pages = {210--220},
title = {{Hierarchical Fusion of Multiple Classifiers for Hyperspectral Data Analysis 1}},
volume = {5},
number = {2},
year = {2002}
}

@article{yangchi2014,
author = {{Yangchi Chen} and Crawford, M.M. and Ghosh, J.},
isbn = {0-7803-8742-2},
journal = {IEEE International Geoscience and Remote Sensing Symposium, 2004. IGARSS '04. Proceedings. 2004},
number = {October 2004},
pages = {949--952},
title = {{Integrating support vector machines in a hierarchical output space decomposition framework}},
volume = {2},
year = {2014}
}