@inproceedings{Kibler1988,
    author = {Kibler, Dennis F. and Langley, Pat},
    title = {Machine Learning As an Experimental Science},
    booktitle = {Proceedings of the 3rd European Conference on European Working Session on Learning},
    year = {1988},
    pages = {81--92},
    publisher = {Pitman Publishing, Inc.},
}

@book{Japkowic2011,
    author = {Japkowicz, Nathalie and Shah, Mohak},
    publisher = {Cambridge University Press},
    title = {{Evaluating Learning Algorithms: A Classification Perspective}},
    year = {2011},
}

@article{Rifkin2004a,
    author = {Rifkin, Ryan M and Klatau, Aldebaro},
    journal = {Journal Of Machine Learning Research},
    pages = {101--141},
    title = {{In Defense of One-Vs-All Classification}},
    volume = {5},
    year = {2004},
}

@book{Jurafsky2009,
    author = {Jurafsky, Daniel and Martin, James H.},
    title = {Speech and Language Processing},
    year = {2009},
    publisher = {Prentice-Hall, Inc.},
    edition = {2nd},
}

@InProceedings{Schnabel2015,
    author = {Schnabel, Tobias and Labutov, Igor and Mimno, David and Joachims, Thorsten},
    title = {Evaluation methods for unsupervised word embeddings},
    booktitle = {Proceedings of the 2015 Conference on Empirical Methods in Natural Language Processing},
    year = {2015},
    publisher = {Association for Computational Linguistics},
    pages = {298--307},
    location = {Lisbon, Portugal},
}

@article{Hofmann2016,
    author = {Hofmann, Katja and Li, Lihong and Radlinski, Filip},
    title = {Online Evaluation for Information Retrieval},
    journal = {Foundations and Trends in Information Retrieval},
    volume = {10},
    number = {1},
    pages = {1--117},
    year = {2016},
}

@book{Manning2008,
    author = {Manning, Christopher D. and Raghavan, Prabhakar and Sch\"utze, Hinrich},
    title = {Introduction to Information Retrieval},
    year = {2008},
    publisher = {Cambridge University Press},
}

@inproceedings{Goodfellow2014,
    author = {Goodfellow, Ian and Pouget-Abadie, Jean and Mirza, Mehdi and Xu, Bing and Warde-Farley, David and Ozair, Sherjil and Courville, Aaron and Bengio, Yoshua},
    title = {Generative Adversarial Nets},
    booktitle = {Proceedings of the 27th International Conference on Neural Information Processing Systems - Volume 2},
    year = {2014},
    pages = {2672--2680},
    publisher = {MIT Press},
}

@inproceedings{Cui2018,
    title = {Learning to Evaluate Image Captioning},
    author = {Yin Cui, Guandao Yang, Andreas Veit, Xun Huang, and Serge Belongie},
    booktitle = {Conference on Computer Vision and Pattern Recognition},
    year = {2018},
}

@inproceedings{Davidson2010,
    author = {Davidson, James and Liebald, Benjamin and Liu, Junning and Nandy, Palash and Van Vleet, Taylor and Gargi, Ullas and Gupta, Sujoy and He, Yu and Lambert, Mike and Livingston, Blake and Sampath, Dasarathi},
    title = {The YouTube Video Recommendation System},
    booktitle = {Proceedings of the Fourth ACM Conference on Recommender Systems},
    year = {2010},
    pages = {293--296},
    publisher = {ACM},
}

@inproceedings{Danieli1995,
    author = {Danieli, Morena and Gerbino, Elisabetta},
    booktitle = {Proceedings of AAAI Spring Symposium on Empirical Methods in Discourse Interpretation and Generation},
    pages = {34--39},
    title = {{Metrics for evaluating dialogue strategies in a spoken language system}},
    volume = {16},
    year = {1995},
}

@book{Hyndman2018,
    title = {Forecasting: Principles and Practice},
    author = {Hyndman, Rob J and Athanasopoulos, George},
    year = {2018},
    publisher = {OTexts},
}

@article{Likert1932,
    title = {A technique for the measurement of attitudes.},
    author = {Likert, Rensis},
    journal = {Archives of psychology},
    year = {1932},
}

@article{Alonso2008,
    author = {Alonso, Omar and Rose, Daniel E. and Stewart, Benjamin},
    title = {Crowdsourcing for Relevance Evaluation},
    journal = {SIGIR | Special Interest Group on Information Retrieval},
    issue_date = {December 2008},
    volume = {42},
    number = {2},
    month = {nov},
    year = {2008},
    pages = {9--15},
    publisher = {ACM},
}

@book{Urdan2011,
    title = {Statistics in plain English},
    author = {Urdan, Timothy C},
    year = {2011},
    publisher = {Routledge},
}

@Book{Efron93,
    Title = {An Introduction to the Bootstrap},
    Author = {Bradley Efron and Robert J. Tibshirani},
    Publisher = {Chapman \& Hall/CRC},
    Year = {1993},
    Number = {57},
    Series = {Monographs on Statistics and Applied Probability},
}

@book{Harrell2015,
    author = {Harrell, Frank E},
    title = {Regression modeling strategies},
    year = {2015},
    publisher = {Springer},
}

@article{Mcnemar1947,
    title = {Note on the sampling error of the difference between correlated proportions or percentages},
    author = {McNemar, Quinn},
    journal = {Psychometrika},
    volume = {12},
    number = {2},
    pages = {153--157},
    year = {1947},
    publisher = {Springer},
}

@book{Friedman2001,
    title={The elements of statistical learning},
    author={Friedman, Jerome and Hastie, Trevor and Tibshirani, Robert},
    year={2001},
    publisher={Springer Series in Statistics}
}

@article{Hand2006,
    title = {Classifier technology and the illusion of progress},
    author = {Hand, David J},
    journal = {Statistical science},
    pages = {1--14},
    year = {2006},
    publisher = {JSTOR},
}

@article{Drummond2010,
    title = {{Warning: statistical benchmarking is addictive. Kicking the habit in machine learning}},
    author = {Drummond, Chris and Japkowicz, Nathalie},
    journal = {Journal of Experimental \& Theoretical Artificial Intelligence},
    volume = {22},
    number = {1},
    pages = {67--80},
    year = {2010},
    publisher = {Taylor \& Francis},
}

@inproceedings{Belz2008,
    author = {Belz, Anja and Gatt, Albert},
    title = {Intrinsic vs. Extrinsic Evaluation Measures for Referring Expression Generation},
    booktitle = {Proceedings of the 46th Annual Meeting of the Association for Computational Linguistics on Human Language Technologies: Short Papers},
    year = {2008},
    location = {Columbus, Ohio},
    pages = {197--200},
    numpages = {4},
    publisher = {Association for Computational Linguistics},
}

@misc{Dua2017,
    author = {Dheeru, Dua and Karra Taniskidou, Efi},
    year = {2017},
    title = {{UCI } Machine Learning Repository},
    url = "http://archive.ics.uci.edu/ml",
    institution = {University of California, Irvine, School of Information and Computer Sciences},
}

@article{Doshi2017,
    author = {Doshi-Velez, Finale and Kim, Been},
    title = {Towards A Rigorous Science of Interpretable Machine Learning},
    journal = {arXiv e-prints},
    year = {2017},
    month = Feb,
    archivePrefix = {arXiv},
    primaryClass = {stat.ML},
}

@article{Wolpert1996,
    title = {The lack of a priori distinctions between learning algorithms},
    author = {Wolpert, David H},
    journal = {Neural computation},
    volume = {8},
    number = {7},
    pages = {1341--1390},
    year = {1996},
    publisher = {MIT Press},
}

@inproceedings{Stapor17,
    author = {Katarzyna Stapor},
    title = {Evaluating and Comparing Classifiers: Review, Some Recommendations and Limitations},
    booktitle = {Proceedings of the 10th International Conference on Computer Recognition Systems { CORES } 2017},
    pages = {12--21},
    year = {2017},
}

@article{Herlocker2004,
    title = {Evaluating collaborative filtering recommender systems},
    author = {Herlocker, Jonathan L and Konstan, Joseph A and Terveen, Loren G and Riedl, John T},
    journal = {ACM Transactions on Information Systems (TOIS)},
    volume = {22},
    number = {1},
    pages = {5--53},
    year = {2004},
    publisher = {ACM},
}

@book{Colquhoun1971,
    title = {Lectures on biostatistics: an introduction to statistics with applications in biology and medicine},
    author = {Colquhoun, David},
    year = {1971},
    publisher = {David Colquhoun},
}