@article{guyon2003introduction,
  title={An introduction to variable and feature selection},
  author={Guyon, Isabelle and Elisseeff, Andr{\'e}},
  journal={Journal of machine learning research},
  volume={3},
  number={Mar},
  pages={1157--1182},
  year={2003}
}
@article{tang2014feature,
  title={Feature selection for classification: A review},
  author={Tang, Jiliang and Alelyani, Salem and Liu, Huan},
  journal={Data classification: Algorithms and applications},
  pages={37},
  year={2014},
  publisher={CRC Press}
}
@article{dy2004feature,
  title={Feature selection for unsupervised learning},
  author={Dy, Jennifer G and Brodley, Carla E},
  journal={Journal of machine learning research},
  volume={5},
  number={Aug},
  pages={845--889},
  year={2004}
}
@article{zhao2010advancing,
  title={Advancing feature selection research},
  author={Zhao, Zheng and Morstatter, Fred and Sharma, Shashvata and Alelyani, Salem and Anand, Aneeth and Liu, Huan},
  journal={ASU feature selection repository},
  pages={1--28},
  year={2010},
  publisher={Citeseer}
}
@book{liu2012feature,
  title={Feature selection for knowledge discovery and data mining},
  author={Liu, Huan and Motoda, Hiroshi},
  volume={454},
  year={2012},
  publisher={Springer Science \& Business Media}
}
@inproceedings{masaeli2010transformation,
  title={From transformation-based dimensionality reduction to feature selection},
  author={Masaeli, Mahdokht and Dy, Jennifer G and Fung, Glenn M},
  booktitle={Proceedings of the 27th International Conference on Machine Learning (ICML-10)},
  pages={751--758},
  year={2010}
}
@book{de2015grammar,
  title={Grammar-based feature generation for time-series prediction},
  author={De Silva, Anthony Mihirana and Leong, Philip HW},
  year={2015},
  publisher={Springer}
}
@article{liu2005toward,
  title={Toward integrating feature selection algorithms for classification and clustering},
  author={Liu, Huan and Yu, Lei},
  journal={IEEE Transactions on knowledge and data engineering},
  volume={17},
  number={4},
  pages={491--502},
  year={2005},
  publisher={IEEE}
}
@article{kohavi1997wrappers,
  title={Wrappers for feature subset selection},
  author={Kohavi, Ron and John, George H},
  journal={Artificial intelligence},
  volume={97},
  number={1-2},
  pages={273--324},
  year={1997},
  publisher={Elsevier}
}
@article{chandrashekar2014survey,
  title={A survey on feature selection methods},
  author={Chandrashekar, Girish and Sahin, Ferat},
  journal={Computers \& Electrical Engineering},
  volume={40},
  number={1},
  pages={16--28},
  year={2014},
  publisher={Elsevier}
}
@article{huang2006ga,
  title={A GA-based feature selection and parameters optimizationfor support vector machines},
  author={Huang, Cheng-Lung and Wang, Chieh-Jen},
  journal={Expert Systems with applications},
  volume={31},
  number={2},
  pages={231--240},
  year={2006},
  publisher={Elsevier}
}
@inproceedings{sun2006comparison,
  title={A comparison of feature selection methods for the detection of breast cancers in mammograms: adaptive sequential floating search vs. genetic algorithm},
  author={Sun, Y and Babbs, CF and Delp, EJ},
  booktitle={2005 IEEE Engineering in Medicine and Biology 27th Annual Conference},
  pages={6532--6535},
  year={2006},
  organization={IEEE}
}