@inproceedings{shin:2017,
  title={Continual learning with deep generative replay},
  author={Shin, Hanul and Lee, Jung Kwon and Kim, Jaehong and Kim, Jiwon},
  booktitle={Advances in Neural Information Processing Systems},
  pages={2990--2999},
  year={2017}
}

@inproceedings{ng:2002,
  title={On discriminative vs. generative classifiers: A comparison of logistic regression and naive bayes},
  author={Ng, Andrew Y and Jordan, Michael I},
  booktitle={Advances in neural information processing systems},
  pages={841--848},
  year={2002}
}

@incollection{goodfellow:2014,
title = {Generative Adversarial Nets},
author = {Goodfellow, Ian and Pouget-Abadie, Jean and Mirza, Mehdi and Xu, Bing and Warde-Farley, David and Ozair, Sherjil and Courville, Aaron and Bengio, Yoshua},
booktitle = {Advances in Neural Information Processing Systems 27},
editor = {Z. Ghahramani and M. Welling and C. Cortes and N. D. Lawrence and K. Q. Weinberger},
pages = {2672--2680},
year = {2014},
publisher = {Curran Associates, Inc.},
url = {http://papers.nips.cc/paper/5423-generative-adversarial-nets.pd}
}

@inproceedings{tu:2007,
  title={Learning generative models via discriminative approaches},
  author={Tu, Zhuowen},
  booktitle={Computer Vision and Pattern Recognition, 2007. CVPR'07. IEEE Conference on},
  pages={1--8},
  year={2007},
  organization={IEEE}
}

@inproceedings{rajdeep:2017,
  title={Neural Network Programming with Tensorflow},
  author={Manpreet Singh Ghotra, Rajdeep Dua},
  booktitle={{Neural Network Programming with Tensorflow},
  year={2017}
}

@article{goodfellow:2016,
  title={NIPS 2016 tutorial: Generative adversarial networks},
  author={Goodfellow, Ian},
  journal={arXiv preprint arXiv:1701.00160},
  year={2016}
}

@article{doersch:2016,
  title={Tutorial on variational autoencoders},
  author={Doersch, Carl},
  journal={arXiv preprint arXiv:1606.05908},
  year={2016}
}


@inproceedings{jain:2017,
  title={Creativity: Generating Diverse Questions using Variational Autoencoders.},
  author={Jain, Unnat and Zhang, Ziyu and Schwing, Alexander G},
  booktitle={CVPR},
  pages={5415--5424},
  year={2017}
}

@article{hinton:2007,
author = {hinton, g. e.},
title   = {{b}oltzmann machine},
year    = {2007},
journal = {scholarpedia},
volume  = {2},
number  = {5},
pages   = {1668},
note    = {revision \#91076}
}

@article{nie:2015,
  title={A generative restricted Boltzmann machine based method for high-dimensional motion data modeling},
  author={Nie, Siqi and Wang, Ziheng and Ji, Qiang},
  journal={Computer Vision and Image Understanding},
  volume={136},
  pages={14--22},
  year={2015},
  publisher={Elsevier}
}

@misc{hui:2018, title={GAN - Why it is so hard to train Generative Adversarial Networks!}, 
url={https://medium.com/@jonathan_hui/gan-why-it-is-so-hard-to-train-generative-advisory-networks-819a86b3750b}, j
ournal={medium.com}, 
publisher={medium}, 
author={Hui, Jonathan}, year={2018}, month={Jun}
}

@inproceedings{lin:2014,
  title={Microsoft coco: Common objects in context},
  author={Lin, Tsung-Yi and Maire, Michael and Belongie, Serge and Hays, James and Perona, Pietro and Ramanan, Deva and Doll{\'a}r, Piotr and Zitnick, C Lawrence},
  booktitle={European conference on computer vision},
  pages={740--755},
  year={2014},
  organization={Springer}
}

@book{touretzky:1996,
  title={Advances in Neural Information Processing Systems 8: Proceedings of the 1995 Conference},
  author={Touretzky, David S and Mozer, Michael C and Hasselmo, Michael E},
  volume={8},
  year={1996},
  publisher={Mit Press}
}

@inproceedings{ou:2012,
  title={Probabilistic acoustic tube: a probabilistic generative model of speech for speech analysis/synthesis},
  author={Ou, Zhijian and Zhang, Yang},
  booktitle={Artificial Intelligence and Statistics},
  pages={841--849},
  year={2012}
}

@article{sordoni:2015,
  title={A neural network approach to context-sensitive generation of conversational responses},
  author={Sordoni, Alessandro and Galley, Michel and Auli, Michael and Brockett, Chris and Ji, Yangfeng and Mitchell, Margaret and Nie, Jian-Yun and Gao, Jianfeng and Dolan, Bill},
  journal={arXiv preprint arXiv:1506.06714},
  year={2015}
}

@inproceedings{srivastava:2012,
  title={Multimodal learning with deep boltzmann machines},
  author={Srivastava, Nitish and Salakhutdinov, Ruslan R},
  booktitle={Advances in neural information processing systems},
  pages={2222--2230},
  year={2012}
}

@inproceedings{ngiam:2011,
  title={Multimodal deep learning},
  author={Ngiam, Jiquan and Khosla, Aditya and Kim, Mingyu and Nam, Juhan and Lee, Honglak and Ng, Andrew Y},
  booktitle={Proceedings of the 28th international conference on machine learning (ICML-11)},
  pages={689--696},
  year={2011}
}

@inproceedings{georghiades:2000,
  title={From few to many: Generative models for recognition under variable pose and illumination},
  author={Georghiades, Athinodoros S and Belhumeur, Peter N and Kriegman, David J},
  booktitle={Automatic Face and Gesture Recognition, 2000. Proceedings. Fourth IEEE International Conference on},
  pages={277--284},
  year={2000},
  organization={IEEE}
}
