% Encoding: UTF-8

@Unknown{SathiyaKeerthi2006,
	author  = {Sathiya Keerthi, S and Sindhwani, Vikas and Chapelle, Olivier},
	title   = {An Efficient Method for Gradient-Based Adaptation of Hyperparameters in SVM Models.},
	month   = {01},
	year    = {2006},
	journal = {Advances in Neural Information Processing Systems 19: Proceedings of the 2006 Conference, 673-680 (2007)},
	pages   = {673-680},
	volume  = {19},
}

@Article{MacKay1999,
	author   = {MacKay, David J. C.},
	title    = {Comparison of Approximate Methods for Handling Hyperparameters},
	journal  = {Neural Computation},
	year     = {1999},
	volume   = {11},
	number   = {5},
	pages    = {1035-1068},
},
}
{MacKay1996,
	pages     = {43--59},
	title     = {Hyperparameters: Optimize, or Integrate Out?},
	publisher = {Springer Netherlands},
	year      = {1996},
	author    = {MacKay, David J. C.},
	editor    = {Heidbreder, Glenn R.},
	address   = {Dordrecht},
	isbn      = {978-94-015-8729-7},
	
	@Article{Cawley2010,
	author  = {Cawley, Gavin and L. C. Talbot, Nicola},
	title   = {On Over-fitting in Model Selection and Subsequent Selection Bias in Performance Evaluation},
	journal = {Journal of Machine Learning Research},
	year    = {2010},
	volume  = {11},
	pages   = {2079-2107},
	month   = {07},
	}
	
	@InProceedings{Ito2003,
	author    = {K. Ito and R. Nakano},
	title     = {Optimizing Support Vector regression hyperparameters based on cross-validation},
	booktitle = {Proceedings of the International Joint Conference on Neural Networks, 2003.},
	year      = {2003},
	volume    = {3},
	pages     = {2077-2082 vol.3},
	month     = {July},
	issn      = {1098-7576},
	}
	
	@Article{Keerthi2002,
	author   = {S. S. Keerthi},
	title    = {Efficient tuning of SVM hyperparameters using radius/margin bound and iterative algorithms},
	journal  = {IEEE Transactions on Neural Networks},
	year     = {2002},
	volume   = {13},
	number   = {5},
	pages    = {1225-1229},
	month    = {Sept},
	issn     = {1045-9227},
	}
	
	@Article{Duan2003,
	author   = {Kaibo Duan and S.Sathiya Keerthi and Aun Neow Poo},
	title    = {Evaluation of simple performance measures for tuning SVM hyperparameters},
	journal  = {Neurocomputing},
	year     = {2003},
	volume   = {51},
	pages    = {41 - 59},
	issn     = {0925-2312},
	}
	
	@InProceedings{Thornton2013,
	author       = {Thornton, Chris and Hutter, Frank and Hoos, Holger H and Leyton-Brown, Kevin},
	title        = {Auto-WEKA: Combined selection and hyperparameter optimization of classification algorithms},
	booktitle    = {Proceedings of the 19th ACM SIGKDD international conference on Knowledge discovery and data mining},
	year         = {2013},
	pages        = {847--855},
	organization = {ACM},
	}
	
	@Article{Bergstra2013,
	author    = {Bergstra, James and Yamins, Daniel and Cox, David Daniel},
	title     = {Making a science of model search: Hyperparameter optimization in hundreds of dimensions for vision architectures},
	year      = {2013},
	publisher = {JMLR},
	}
	
	@Article{Kotthoff2017,
	author    = {Kotthoff, Lars and Thornton, Chris and Hoos, Holger H and Hutter, Frank and Leyton-Brown, Kevin},
	title     = {Auto-WEKA 2.0: Automatic model selection and hyperparameter optimization in WEKA},
	journal   = {The Journal of Machine Learning Research},
	year      = {2017},
	volume    = {18},
	number    = {1},
	pages     = {826--830},
	publisher = {JMLR. org},
	}
	
	@Article{Li2017,
	author    = {Li, Lisha and Jamieson, Kevin and DeSalvo, Giulia and Rostamizadeh, Afshin and Talwalkar, Ameet},
	title     = {Hyperband: A novel bandit-based approach to hyperparameter optimization},
	journal   = {The Journal of Machine Learning Research},
	year      = {2017},
	volume    = {18},
	number    = {1},
	pages     = {6765--6816},
	publisher = {JMLR. org},
	}
	
	@Article{Bergstra2015,
	author    = {Bergstra, James and Komer, Brent and Eliasmith, Chris and Yamins, Dan and Cox, David D},
	title     = {Hyperopt: a python library for model selection and hyperparameter optimization},
	journal   = {Computational Science \& Discovery},
	year      = {2015},
	volume    = {8},
	number    = {1},
	pages     = {014008},
	publisher = {IOP Publishing},
	}
	
	@Article{Kim2014,
	author  = {Kim, Yoon},
	title   = {Convolutional neural networks for sentence classification},
	journal = {arXiv preprint arXiv:1408.5882},
	year    = {2014},
	}
	
	@InProceedings{Cox2011,
	author    = {D. Cox and N. Pinto},
	title     = {Beyond simple features A large-scale feature search approach to unconstrained face recognition},
	booktitle = {Face and Gesture 2011},
	year      = {2011},
	pages     = {8-15},
	month     = {March},
	}
	
	@InProceedings{Wang2009,
	author    = {Wang, Yizao and Audibert, Jean-Yves and Munos, R{\'e}mi},
	title     = {Algorithms for infinitely many-armed bandits},
	booktitle = {Advances in Neural Information Processing Systems},
	year      = {2009},
	pages     = {1729--1736},
	}
	
	@InProceedings{Snoek2012,
	author    = {Snoek, Jasper and Larochelle, Hugo and Adams, Ryan P},
	title     = {Practical bayesian optimization of machine learning algorithms},
	booktitle = {Advances in neural information processing systems},
	year      = {2012},
	pages     = {2951--2959},
	}
	
	@InProceedings{Snoek2015,
	author    = {Snoek, Jasper and Rippel, Oren and Swersky, Kevin and Kiros, Ryan and Satish, Nadathur and Sundaram, Narayanan and Patwary, Mostofa and Prabhat, Mr and Adams, Ryan},
	title     = {Scalable bayesian optimization using deep neural networks},
	booktitle = {International Conference on Machine Learning},
	year      = {2015},
	pages     = {2171--2180},
	}
	
	@Article{Bergstra2012,
	author  = {Bergstra, James and Bengio, Yoshua},
	title   = {Random search for hyper-parameter optimization},
	journal = {Journal of Machine Learning Research},
	year    = {2012},
	volume  = {13},
	number  = {Feb},
	pages   = {281--305},
	}
	
	@InProceedings{Duan2005,
	author       = {Duan, Kai-Bo and Keerthi, S Sathiya},
	title        = {Which is the best multiclass SVM method? An empirical study},
	booktitle    = {International workshop on multiple classifier systems},
	year         = {2005},
	pages        = {278--285},
	organization = {Springer},
	}
	
	@InBook{Chen2009,
	pages     = {545--546},
	title     = {Curse of Dimensionality},
	publisher = {Springer US},
	year      = {2009},
	author    = {Chen, Lei},
	editor    = {LIU, LING and {\"O}ZSU, M. TAMER},
	address   = {Boston, MA},
	isbn      = {978-0-387-39940-9},
	booktitle = {Encyclopedia of Database Systems},
	}
	
	@Book{Bellman2015,
	title     = {Adaptive control processes: a guided tour},
	publisher = {Princeton university press},
	year      = {2015},
	author    = {Bellman, Richard E},
	volume    = {2045},
	}
	
	@Article{Chang2011,
	author     = {Chang, Chih-Chung and Lin, Chih-Jen},
	title      = {LIBSVM: A Library for Support Vector Machines},
	journal    = {ACM Trans. Intell. Syst. Technol.},
	year       = {2011},
	volume     = {2},
	number     = {3},
	pages      = {27:1--27:27},
	month      = may,
	issn       = {2157-6904},
	acmid      = {1961199},
	address    = {New York, NY, USA},
	articleno  = {27},
	issue_date = {April 2011},
	keywords   = {Classification LIBSVM optimization regression support vector machines SVM},
	numpages   = {27},
	publisher  = {ACM},
	}
	
	@Unknown{E.Hinton2010,
	author  = {E. Hinton, Geoffrey},
	title   = {A Practical Guide to Training Restricted Boltzmann Machines (Version 1)},
	month   = {08},
	year    = {2010},
	journal = {Technical Report UTML TR 2010-003, University of Toronto},
	volume  = {9},
	}
	
	@Book{Press2005,
	title         = {Applied multivariate analysis: using Bayesian and frequentist methods of inference},
	publisher     = {Courier Corporation},
	year          = {2005},
	author        = {Press, S James},
	__markedentry = {[neilm:]},
	}
	
	@InProceedings{Wang2013,
	author        = {Wang, Ziyu and Zoghi, Masrour and Hutter, Frank and Matheson, David and De Freitas, Nando and others},
	title         = {Bayesian Optimization in High Dimensions via Random Embeddings.},
	booktitle     = {IJCAI},
	year          = {2013},
	pages         = {1778--1784},
	__markedentry = {[neilm:6]},
	}
	
	@Comment{jabref-meta: databaseType:bibtex;}
